@online{latex1,
      howpublished = {\text{URL:} \url{https://chat.openai.com/}}
}
@online{latex2,
  howpublished = {\text{URL:} \url{https://www.w3schools.com/html/default.asp/}}
}
@online{latex3,
  howpublished = {\text{URL:} \url{https://codepen.io/joelbyrd/pen/YPKPbw}}
}
@online{latex4,
  howpublished = {\text{URL:} \url{https://iq.opengenus.org/minesweeper-game-using-js/}}
}